

@Misc{bench,
  Title                    = {Slam Benchmarking},
  Author                   = {Kummerle, Rainer and Steder, Bastian and Dornhege, Christian and Ruhnke, Michael and Grisetti, Giorgio and Stachniss, Cyrill and Kleiner, Alexander},
  Year                     = {2015},
  Url                      = {http://kaspar.informatik.uni-freiburg.de/~slamEvaluation/index.php}
}

@Misc{slampp,
  Title                    = {Slam++},
  Author                   = {Polok, Lucas and Viorela, Ila},
  Year                     = {2015},
  Url                      = {http://sourceforge.net/projects/slam-plus-plus/}
}

@Article{touchette2016efficient,
  Title                    = {Efficient Cholesky Factor Recovery for Column Reordering in Simultaneous Localisation and Mapping},
  Author                   = {Touchette, S. and Gueaieb, W. and Lanteigne, E.},
  Journal                  = {Journal of Intelligent {\&} Robotic Systems},
  Year                     = {2016},
  Month                    = {12},
  Number                   = {1},
  Pages                    = {859--875},
  Volume                   = {84},
  Day                      = {01},
  Doi                      = {10.1007/s10846-016-0367-7},
  ISSN                     = {1573-0409},
  Url                      = {https://doi.org/10.1007/s10846-016-0367-7}
}
